@misc{SDN_wan,
  howpublished = {\url{https://www.cisco.com/c/en/us/solutions/enterprise-networks/sd-wan/white-paper-listing.html}},
}
@misc{SRST,
  howpublished = {\url{https://www.cisco.com/c/en/us/products/unified-communications/unified-survivable-remote-site-telephony/index.html}},
}
@misc{VSS,
  howpublished = {\url{https://www.cisco.com/c/dam/global/da_dk/assets/docs/presentations/VSS_0109.pdf}},
}
@misc{SRE,
  howpublished = {\url{https://www.cisco.com/c/en/us/products/collateral/routers/1900-series-integrated-services-routers-isr/data_sheet_c78-553913.html}},
}
@misc{MTI1,
  howpublished = {\url{http://lectures.moucha.org/2020-winter/mimti/}},
}
@misc{MTI2,
  howpublished = {\url{http://lectures.moucha.org/permanent/SDN/}},
}
@misc{Cat9600_sda,
  howpublished = {\url{https://www.ciscolive.com/c/dam/r/ciscolive/apjc/docs/2020/pdf/BRKEWN-2670.pdf}},
}
@misc{CARDS,
  howpublished = {\url{https://www.cisco.com/c/en/us/products/collateral/routers/4000-series-integrated-services-routers-isr/data_sheet_c78-728308.html}},
}